2938 4584
221 309 303 355 IULII
326 311 507 354 AGRICOLAE
533 311 576 353 1)ss
600 309 630 352 l'.
652 307 693 350 Er
716 308 749 349 Μ.
770 327 805 334 -
826 308 1058 352 xxx111-xxx1v.
1109 292 1170 350 lssll

67 481 84 528 2
105 477 168 530 tam
184 469 238 529 diu
254 470 444 547 superstites.
481 489 540 544 quo
556 469 643 528 modo
655 469 752 529 silvas
764 470 920 547 saltusque
937 468 1171 548 penetrantibus

104 571 307 632 fortissimum
330 575 470 647 quoelque
493 571 609 630 animal
631 577 737 630 contra
759 561 857 648 ruere,
877 572 989 649 pavida
1004 577 1035 631 et
1058 571 1170 631 inertia

105 676 172 752 ipso
195 673 327 750 agminis
343 693 415 733 sono
434 672 639 750 pellebantur,
656 673 701 732 sic
720 673 861 733 acerrimi
876 674 1094 733 Britannorum
1109 674 1171 732 iam

106 775 227 852 pridem
250 775 435 850 ceciderunt,
459 775 598 850 reliquus
622 781 669 834 est
693 796 838 836 numerus
861 777 1043 854 ignavorum
1058 782 1089 835 et
1113 796 1172 834 me-

67 890 85 936 3
104 879 268 939 tuentium.
314 897 390 955 quos
405 878 486 954 quod
504 878 628 938 tandem
642 879 818 956 invenistis,
838 899 899 940 non
922 879 1104 940 restiterunt
1119 879 1173 938 sed

105 980 289 1058 deprehensi
312 987 402 1056 sunt;
450 981 635 1040 novissimae
658 1000 708 1040 res
730 988 761 1041 et
789 989 924 1042 extremo
947 989 1032 1043 metu
1050 1001 1171 1059 corpora

141 1158 152 1190 ²
164 1167 214 1214 qno
227 1151 301 1200 rrwdo
311 1171 346 1195 =
356 1148 572 1214 quemadmodem.
582 1147 612 1199 Si

103 1233 141 1284 ha
151 1232 271 1298 qualche
281 1230 402 1297 esempio
412 1231 499 1280 anche
511 1229 541 1280 in
554 1229 611 1281 Cic.

103 1341 136 1348 -
146 1317 250 1376 penetr.
264 1316 330 1361 sott.
343 1307 414 1360 nobie
427 1331 463 1353 =
479 1309 610 1374 ‘quando

100 1389 181 1442 noil...
200 1391 258 1441 Per
276 1389 298 1441 il
316 1405 380 1440 ceso
393 1405 448 1440 acc.
465 1403 491 1438 v.
507 1387 611 1438 Introd.

100 1472 142 1522 11.
161 1470 195 1522 A.
215 1471 258 1520 La
278 1467 344 1520 Sint.
363 1485 418 1519 eoo.
437 1468 470 1519 V.
486 1469 522 1517 1⁰.
541 1484 565 1519 c.
579 1497 613 1504 —

91 1549 199 1614 fortias.
212 1549 330 1614 quodque
343 1563 369 1599 v.
384 1547 456 1612 App.
469 1545 526 1596 erit.
539 1567 576 1589 =
592 1545 615 1594 'i

100 1624 616 1696 pihgenerosi”.-raere....pelleban-

100 1717 153 1759 tar.
164 1724 191 1758 v.
197 1707 272 1772 App.
279 1705 336 1757 erit.
344 1705 401 1756 Per
406 1706 478 1754 l'uso
488 1705 533 1754 del
541 1704 614 1769 plur.

102 1805 155 1840 con
174 1785 283 1852 quisque
301 1801 327 1836 v.
347 1784 449 1834 Introd.
470 1784 510 1834 II.
523 1781 557 1832 A.
575 1782 617 1832 Ea

101 1867 171 1919 Sint.
190 1884 247 1919 ecc.
262 1865 318 1915 III.
333 1866 371 1916 3⁰.
384 1863 460 1914 Nota
476 1878 554 1913 come
566 1877 616 1928 per

101 1949 131 1998 lo
150 1946 275 1999 scambio
301 1944 346 1996 dei
369 1942 464 2009 tempi,
491 1943 555 1992 Tac.
575 1946 616 1991 ot

102 2035 189 2094 tange
207 2027 237 2078 di
250 2024 380 2076 insistere
394 2021 615 2089 maggiormente

101 2108 147 2160 sul
166 2105 290 2159 termine
309 2105 354 2155 del
377 2102 467 2170 primo
489 2102 614 2152 membro

101 2191 151 2240 che
170 2190 207 2240 ha
220 2184 365 2252 maggiore
377 2183 552 2250 importanza
563 2195 614 2248 per

100 2271 182 2335 Aga:
195 2262 312 2334 giacche
324 2265 346 2315 il
363 2263 433 2331 perf.
450 2267 518 2314 stor.
537 2260 613 2312 meere

99 2350 147 2416 (=
158 2347 282 2413 ruerant)
300 2344 394 2395 indice
412 2342 508 2394 acione
526 2341 613 2393 istan·

101 2437 192 2494 tanea,
211 2425 350 2492 l'imperf.
366 2423 533 2488 pellebantur
551 2439 613 2488 rep·

101 2515 236 2577 presente.
254 2508 283 2556 lo
296 2503 483 2570 svolgimento
497 2517 512 2552 e
524 2503 553 2551 la
565 2502 615 2552 du·

101 2597 164 2642 reta
173 2585 338 2640 dell'ezione
350 2584 399 2634 nel
407 2586 529 2649 passato.
542 2581 616 2632 Puoi

101 2671 145 2720 fer
165 2666 274 2720 sentire
287 2664 343 2714 tale
356 2661 454 2712 effetto
465 2660 542 2709 nella
554 2675 616 2709 ver-

102 2748 182 2798 sione
200 2742 273 2794 cosi:
303 2743 312 2760 “
332 2741 342 2791 1
367 2736 417 2806 piri
439 2737 569 2801 generosi
593 2736 616 2787 si

100 2822 310 2890 precipitatum,
322 2819 333 2870 i
345 2816 437 2870 timidi
447 2817 546 2868 inveee
558 2817 617 2884 (no-

105 2912 136 2955 ta
153 2901 307 2953 l'asindeto
325 2896 514 2963 avversetiv0)
532 2913 548 2947 e
572 2896 617 2947 de·

106 2983 164 3034 boli
182 2981 204 3031 li
217 2981 336 3030 adnecte
342 2976 457 3046 sappire.
474 3006 505 3014 -
515 2975 572 3040 ipso
581 2997 617 3022 =

110 3065 154 3114 'el
163 3063 249 3114 solo&
264 3089 297 3098 -—
310 3075 371 3110 soree
383 3080 420 3103 =
434 3059 561 3108 'rumore
571 3057 616 3108 dei

106 3141 210 3210 passi”.
225 3170 257 3180 —
272 3137 423 3190 ceciderant.
436 3137 564 3188 Perfetto
576 3139 616 3187 lo-

105 3222 171 3287 gico
183 3243 220 3266 =
235 3222 318 3271 'sono
335 3216 456 3270 carues.
469 3234 495 3267 v.
511 3216 615 3268 Introd.

106 3304 148 3354 II.
163 3301 196 3352 A.
211 3301 251 3350 La
264 3298 330 3350 Sint.
344 3314 399 3350 ecc.
413 3298 463 3349 VI.
483 3297 521 3347 2⁰.
540 3313 563 3351 a.
582 3327 613 3334 -

105 3382 194 3451 lynce.
214 3387 237 3432 el
256 3385 374 3430 neelaent.
388 3378 486 3428 Anche
504 3377 554 3443 qui
569 3378 617 3428 l'a-

105 3479 184 3514 more
202 3463 278 3514 delle
289 3455 404 3512 variatio
416 3459 453 3508 ha
471 3456 616 3524 suggerito

105 3561 123 3593 e
142 3543 207 3596 Tac.
225 3540 355 3594 l’unione
374 3537 403 3590 di
423 3554 464 3589 un
483 3553 544 3604 agg.
564 3553 617 3589 eon

106 3639 147 3674 un
165 3623 263 3689 partic.
283 3621 314 3672 in
336 3619 571 3686 corrispondenza
590 3616 617 3668 ei

105 3705 161 3754 due
180 3720 242 3769 agg.
256 3699 361 3768 pacida
379 3707 403 3751 et
420 3697 526 3750 laertia.
544 3697 617 3750 Poni

107 3831 201 3872 mente
214 3822 301 3873 anche
314 3822 342 3872 el
355 3819 480 3872 chiasmo
494 3777 617 3930 {fala

107 3937 205 3992 inertia

106 4025 225 4072 neelnenl.

145 4109 156 4143 θ
174 4119 235 4164 qum
248 4101 329 4166 aeroas
337 4102 435 4153 Anche
448 4101 523 4152 nella
535 4115 619 4168 prosa

666 1145 715 1214 piu
733 1149 859 1213 regolare
879 1147 1032 1198 s'incontra
1045 1147 1073 1198 lo
1086 1163 1175 1198 scem-

666 1229 711 1280 bio
730 1233 777 1280 nel
796 1245 861 1280 ceso
883 1230 928 1279 del
951 1244 1029 1294 prou.
1052 1227 1173 1280 relativo

666 1310 777 1375 quando
796 1308 817 1358 il
835 1313 964 1359 concetto
983 1310 1093 1359 ch'eseo
1112 1323 1174 1372 rap-

667 1395 799 1455 presenta
817 1387 859 1438 sia
872 1389 1116 1452 enchecomplem.
1129 1387 1175 1436 del

668 1469 755 1518 verbo
772 1468 801 1518 ui
819 1469 942 1518 un'nltre
954 1483 1064 1532 propos.
1079 1466 1176 1516 subcr-

669 1547 765 1598 dinata
784 1549 840 1600 ella
858 1547 985 1599 relativa.
1004 1547 1050 1596 Es.
1070 1545 1126 1597 Cic.
1145 1546 1176 1594 de

669 1645 708 1678 or.
728 1630 750 1678 I.
770 1628 813 1678 28.
834 1630 897 1678 126:
920 1629 955 1678 'a
973 1635 1001 1678 te
1014 1625 1177 1677 dictumest

670 1725 730 1759 esse
749 1710 891 1775 permulta
909 1725 974 1772 qaae
986 1712 1082 1758 orator
1094 1705 1149 1756 nisi
1161 1723 1177 1756 a

670 1793 774 1840 natura
798 1789 913 1840 haberet
936 1803 993 1838 non
1017 1788 1140 1837 multum
1161 1802 1177 1835 a

670 1868 805 1934 magistro
823 1867 994 1919 calcearetur
1012 1868 1058 1932 (ea
1074 1863 1103 1916 in
1121 1865 1178 1932 qni-

669 1949 722 2010 bea,
731 1948 787 2000 nisi
796 1965 828 1998 ea
837 1949 975 1999 haberet...
986 1945 1176 2009 adiaearetar).

669 2030 692 2078 Ε
710 2029 760 2095 qui
779 2051 814 2074 =
832 2027 883 2094 qni,
902 2027 978 2094 quod
995 2043 1061 2077 eos...
1077 2024 1176 2077 inveni-

668 2106 738 2160 etis...
751 2106 917 2174 restiterant).
930 2123 956 2158 v.
969 2105 1141 2157 XXXVIII.
1159 2107 1176 2155 4

667 2188 759 2239 anm...
770 2187 893 2240 redierat.
903 2186 1026 2238 Avverti
1034 2185 1081 2253 poi
1092 2187 1143 2236 che
1155 2185 1176 2235 il

669 2275 801 2335 rapporto
821 2267 912 2333 logico
925 2267 969 2317 fra
981 2267 991 2315 i
1004 2266 1057 2316 due
1070 2264 1177 2331 periodi

667 2348 791 2399 indicato
810 2349 857 2398 dal
874 2344 996 2397 relativo
1014 2343 1029 2395 e
1049 2359 1178 2394 avversa-

669 2427 737 2479 tivo.
750 2455 783 2464 -
792 2425 950 2476 real-iterant.
961 2425 1047 2474 Altro
1056 2422 1177 2488 perfetta

669 2506 761 2570 logico
773 2526 810 2553 =
826 2506 896 2555 'non
915 2520 984 2554 sono
1002 2501 1137 2554 rimasti&
1151 2518 1176 2552 v.

671 2585 771 2635 Introd.
784 2585 825 2635 ΙΙ.
835 2583 868 2634 A.
879 2583 921 2633 La
929 2582 996 2634 Sint.
1007 2599 1061 2634 ecc.
1075 2583 1125 2634 VI.
1140 2583 1177 2632 2⁰.

671 2683 695 2716 a.
707 2694 739 2702 -—
750 2664 855 2729 leprae.
865 2670 930 2714 eant.
942 2664 1039 2714 Auche
1052 2659 1177 2728 questos

670 2760 710 2795 uu
717 2742 1177 2810 perfettologico='liavetereg-

670 2822 829 2888 giunti”.-
838 2820 990 2873 rto-varinae
998 2839 1082 2872 rea=
1092 2821 1178 2871 'ladi-

671 2902 857 2969 sperazione”.
876 2902 1057 2969 Repressione
1076 2916 1177 2952 nuova.

672 3011 705 3020 -
715 2989 861 3034 extremo...
874 2981 956 3032 aciem
964 2980 993 3032 in
1004 2980 1044 3032 leia
1054 2977 1140 3046 aeetiq.
1152 2997 1177 3030 v.

670 3062 741 3128 App.
765 3061 822 3112 erit.
846 3063 934 3112 Senta
956 3067 1067 3112 mutare
1091 3060 1120 3110 la
1141 3059 1178 3110 le-

670 3141 748 3193 nione
767 3142 812 3193 dei
830 3141 924 3206 codici,
935 3147 1018 3192 trovo
1036 3141 1066 3192 in
1078 3145 1177 3206 queste

669 3222 764 3288 parole
776 3226 989 3289 roppreseutato
1001 3237 1053 3273 con
1065 3219 1177 3272 vivente

668 3302 690 3352 il
697 3301 1052 3369 pensierodiTec.ilquele
1060 3302 1089 3354 fa
1096 3299 1120 3352 si
1127 3301 1177 3351 ohe

669 3383 738 3448 Agr.
763 3382 864 3434 insiste
887 3382 1119 3449 principelmente
1143 3395 1178 3429 su

670 3469 770 3528 questa
781 3462 856 3528 idee;
867 3464 917 3514 che
926 3460 1116 3525 nonl'impaleo
1125 3458 1179 3508 elel-

670 3540 775 3591 l'animo
788 3557 885 3592 evasse
897 3541 992 3606 spinto
1004 3540 1014 3590 i
1026 3537 1128 3590 nemici
1144 3538 1180 3587 ed

671 3626 812 3686 espeltere
825 3619 835 3670 i
846 3619 974 3684 Romani,
987 3635 1034 3669 ma
1043 3618 1093 3669 che
1103 3618 1131 3666 la
1140 3615 1180 3668 ui-

671 3699 831 3767 eperazione
851 3715 947 3750 evasse
966 3700 1038 3748 tolto
1058 3696 1086 3747 ai
1098 3691 1179 3758 carpi

671 3796 721 3846 per
730 3778 827 3830 effetto
837 3779 911 3830 della
919 3794 1016 3844 paura,
1027 3773 1179 3841 ogniener-

670 3853 1070 3925 giasiechenonavesseropih
1079 3857 1180 3922 potuto

671 3935 1182 4004 muoversiperfuggire,comeevreb·

671 4021 739 4071 bero
762 4017 918 4069 desiderato
946 4016 974 4067 di
998 4018 1065 4068 fere.
1090 4016 1177 4067 Tutto

672 4104 772 4165 questo
792 4098 814 4150 ti
833 4096 897 4150 sara
916 4097 1017 4163 clrioro,
1041 4113 1070 4150 se
1089 4112 1180 4149 osser-
