2938 4584
312 292 393 336 mun
416 261 609 336 nomoouen
623 293 666 334 nn
690 292 720 333 v.
745 292 787 334 nr
811 293 901 334 11.-
921 294 1010 336 xxxa

1131 281 1189 337 161

123 453 167 512 ita
191 453 312 511 sublata
336 471 389 528 spe
413 453 522 512 veniae
546 451 670 511 tandem
695 453 807 512 sumite
831 452 976 531 animum,
993 462 1056 514 tam
1079 456 1194 532 quibus

88 552 322 630 ⁵sa1usquam
345 553 459 630 quibus
477 555 576 631 gloria
600 553 759 613 carissima
786 563 859 614 ests
890 555 1055 633 Brigantes
1078 555 1194 618 femina

123 657 201 717 duee
224 675 351 716 exurere
366 656 524 733 coloniam,
549 676 725 733 expugnare
742 665 844 716 eastra
862 678 906 734 ao,
923 659 986 718 nisi
1008 657 1144 720 felicitas
1160 660 1193 720 in

122 758 292 818 socordiam
315 759 469 835 vertisset,
494 777 606 818 exuere
634 757 741 833 iugum
771 765 911 834 potuere:
937 779 992 819 nos
1019 760 1134 838 integri
1162 768 1194 821 et

123 862 266 922 indomiti
279 867 310 922 et
325 861 358 920 in
373 861 560 936 libematem,
573 879 634 920 non
649 859 682 918 in
697 859 918 936 paenitentiam
932 862 1081 938 bellaturi,
1096 863 1193 940 primo

124 1143 236 1208 Uguale
254 1140 269 1193 δ
293 1143 312 1192 1’
322 1157 375 1193 uso
398 1140 426 1192 di
444 1138 583 1205 suspectius
595 1161 632 1184 =

128 1223 253 1287 “quanto
276 1217 327 1288 piu
349 1219 490 1270 sicurezza
515 1217 632 1283 offrono,

122 1305 203 1353 tanto
220 1298 269 1368 piu
286 1301 410 1352 rendono
427 1299 575 1365 sospetti”.
596 1328 629 1335 -

120 1378 210 1430 eumue
231 1378 352 1429 animum.
376 1381 413 1430 In
435 1384 536 1446 questa
554 1379 630 1429 irase

684 1136 778 1190 licitos.
797 1139 843 1191 Ha
861 1141 957 1190 valore
979 1140 1138 1205 suggettivo
1156 1161 1192 1186 =

689 1219 1192 1272 'l'ebbreaaadellavittoria”.—oer-

684 1297 761 1348 tieret.
780 1281 803 1348 E
821 1305 904 1350 usato
917 1299 1191 1353 intransitivamente

685 1393 763 1429 oome
780 1375 827 1446 gia
844 1378 874 1428 in
892 1379 958 1429 Sall.
973 1379 1032 1438 (les.
1053 1379 1142 1432 Livio.
1158 1410 1189 1418 -

120 1459 154 1511 ed
171 1459 202 1510 in
225 1461 299 1510 altre
322 1458 495 1524 somiglianti
513 1457 542 1508 di
565 1457 630 1508 Teo.
680 1465 797 1522 potuere.
811 1459 887 1511 Nota
895 1474 973 1509 come
982 1460 1009 1509 lo
1030 1465 1119 1511 stesso
1132 1476 1192 1510 ver-

119 1537 221 1589 om‘mue
244 1537 259 1590 e
282 1555 332 1605 per
356 1541 476 1592 traslato
499 1545 582 1590 usato
600 1538 631 1589 in

120 1634 187 1670 veue
206 1618 235 1669 di
252 1618 386 1670 consilium
404 1643 440 1666 =
457 1636 551 1684 capere
573 1637 631 1669 eon-

121 1695 218 1749 silium.
236 1697 266 1749 Si
283 1699 321 1750 ha
338 1699 460 1765 esempio
479 1698 507 1749 di
525 1698 577 1749 tali
591 1701 631 1750 lo-

124 1777 236 1828 ouzioni
254 1776 300 1843 gie
318 1778 365 1830 uei
383 1777 460 1846 poeti
472 1795 486 1829 e
498 1778 529 1828 in
540 1778 629 1829 Livio.

123 1886 156 1894 -
170 1863 223 1906 tum
241 1855 331 1921 quilius
350 1874 404 1910 eee.
424 1860 448 1908 Ε
466 1857 588 1909 Catilina
604 1858 632 1909 ai

122 1937 184 1988 suoi
206 1937 235 2004 (1.
254 1939 300 2005 e.):
326 1940 334 1958 “
358 1939 420 2000 Qua
441 1944 557 2006 propter
579 1955 631 1990 vos

122 2033 229 2082 moneo,
255 2017 299 2068 uti
321 2018 390 2069 forti
417 2023 504 2084 atque
531 2024 630 2084 parato

120 2097 213 2149 animo
227 2097 324 2150 sitis...
341 2104 370 2150 et
381 2099 565 2151 memineritis
578 2116 629 2151 vos

118 2177 231 2229 divitias
244 2179 330 2229 decus
341 2179 469 2246 gloriam,
482 2186 630 2246 praeterea

118 2257 278 2309 libertatem
291 2264 375 2325 atque
388 2259 510 2328 patriam
522 2260 553 2310 in
565 2259 630 2311 dex-

120 2337 297 2389 tris'vostris
320 2343 434 2406 portare
435 2377 487 2390 ......
507 2355 558 2391 nos
577 2357 629 2406 pro

119 2414 212 2478 patria
222 2431 274 2482 pro
286 2416 418 2468 libertate
431 2434 483 2484 pro
498 2417 558 2469 vita
571 2434 629 2469 eer-

119 2497 247 2546 tamus.”

154 2583 165 2616 ὅ
184 2573 333 2642 Brigantes.
352 2593 378 2627 v.
397 2576 457 2628 Dia.
477 2578 502 2627 d.
522 2595 547 2628 η.
566 2583 627 2628 ator.

120 2673 132 2702 e
149 2672 233 2722 peoqr.
253 2655 357 2707 Poiche
376 2658 403 2707 le
421 2658 518 2722 parole
525 2655 629 2720 femina

119 2734 182 2783 «tuoe
190 2735 323 2784 alludono
333 2735 523 2786 chiaramonte
531 2752 547 2786 a
554 2736 628 2787 Bou-

119 2812 205 2876 dieea,
224 2829 282 2862 nou
294 2814 320 2862 v'
331 2815 368 2863 ha
386 2814 489 2865 dubbio
502 2816 552 2865 ohe
567 2815 628 2865 Cal-

118 2907 188 2954 gaeo
201 2891 250 2956 qui
268 2891 378 2944 rioorda
395 2895 425 2944 la
443 2894 628 2946 sullevazione

118 2972 155 3021 da
174 2970 238 3022 Tae.
256 2979 373 3024 narrata
390 2975 418 3025 al
436 2991 495 3041 cap.
509 2975 580 3026 XVI
593 2977 627 3028 ed

117 3051 149 3100 in
161 3049 230 3102 Aen.
243 3053 324 3104 XIV.
337 3055 427 3121 {tl-37,
441 3055 535 3107 dove'e
548 3058 627 3108 detto

118 3132 169 3182 ohe
188 3132 245 3198 agli
269 3134 348 3185 Ieeni
372 3136 526 3202 promotori
552 3139 627 3188 della

117 3212 222 3265 rivolta
240 3213 263 3265 si
282 3230 367 3268 erano
385 3217 432 3283 poi
451 3218 524 3268 uniti
542 3218 626 3268 iTri-

685 1539 727 1603 bo,
754 1547 863 1590 mentre
886 1538 995 1590 riferito
1018 1540 1045 1590 ai
1063 1540 1117 1591 due
1136 1541 1192 1592 Inf.

685 1634 794 1669 exurere
803 1619 836 1669 ad
846 1635 995 1685 euprepaare
1005 1618 1123 1671 enuncia
1135 1635 1195 1670 una

685 1697 781 1749 anione
790 1699 865 1750 reale
878 1720 914 1742 ==
925 1714 1034 1762 reppero
1043 1697 1194 1750 tuentium

684 1780 716 1829 eet
728 1795 880 1846 espapnare,
896 1795 976 1830 serve
990 1782 1077 1831 anehe
1091 1797 1107 1832 a
1119 1796 1193 1831 oom-

683 1858 759 1925 piere
772 1860 792 1908 l’
798 1859 862 1910 idea
874 1875 1001 1927 espressa
1009 1861 1083 1912 dalle
1095 1863 1192 1926 parole

684 1955 778 1989 uertere
786 1937 880 2006 iopam,
891 1941 920 1992 la
929 1942 1012 2006 quale
1022 1938 1037 1990 ὸ
1047 1941 1192 2008 eonoepita

683 2034 761 2068 eome
779 2035 972 2084 eonseguenza
985 2020 1014 2071 di
1032 2021 1079 2072 un'
1090 2021 1191 2086 ipotesi

682 2096 783 2148 irraale
806 2096 900 2164 (nisi...
927 2097 1061 2166 vertisset).
1083 2099 1190 2150 Dovrei

683 2176 782 2242 quindi
790 2179 866 2229 nella
874 2176 1003 2229 versione
1011 2177 1192 2243 seioglierela

683 2254 850 2323 tructttopta,
861 2258 1033 2308 traducendo
1038 2256 1107 2308 eost:
1117 2260 1191 2324 'sep-

683 2353 749 2402 pero
773 2335 933 2387 incendiare
953 2338 988 2386 ed
1008 2353 1190 2402 espuguare...

683 2416 716 2466 ed
725 2414 865 2466 unrehtero
871 2416 1190 2478 potatoece.”.Delresto

683 2496 700 2543 l'
712 2511 764 2545 uso
782 2494 939 2545 dell'Indie.
958 2494 1145 2561 nell'apodosi
1163 2495 1190 2546 di

681 2575 796 2642 periodo
808 2575 949 2642 ipotetieo,
966 2577 1134 2643 dipendente
1155 2579 1191 2628 da

682 2655 789 2721 protasi
807 2655 917 2722 irueale,
936 2655 979 2707 eoi
997 2656 1076 2707 verbi
1087 2658 1137 2708 ohe
1149 2657 1191 2707 in·

682 2735 782 2786 dieano
796 2741 887 2800 potere
900 2751 915 2785 e
926 2737 1028 2800 dovere,
1041 2751 1094 2787 eon
1105 2738 1134 2788 la
1146 2752 1192 2787 oo-

681 2815 849 2880 niugazione
867 2815 1044 2880 perifrastiea
1067 2815 1190 2868 attivae

680 2895 801 2964 passiva,
816 2913 831 2946 e
845 2896 888 2947 eoi
901 2894 980 2946 verbi
992 2912 1190 2962 accompagna-

681 2975 704 3025 ti
722 2976 758 3027 du
778 2975 822 3026 oie:
831 2993 916 3040 paene
935 2991 950 3026 e
965 2992 1059 3040 prope,
1072 2973 1087 3026 ὸ
1100 2977 1189 3032 auehe

681 3056 755 3107 della
779 3072 864 3122 prosa
885 3053 935 3122 piu
959 3055 1087 3107 sehietta.
1109 3085 1141 3092 -
1162 3054 1190 3105 iu

682 3135 764 3186 libert.
784 3154 836 3188 nou
856 3134 884 3186 in
904 3134 1005 3200 poenit.
1018 3157 1055 3181 ==
1067 3143 1094 3185 ut
1112 3135 1190 3186 tiberi

679 3211 764 3280 sintae,
789 3235 840 3268 unu
863 3223 891 3267 ut
910 3215 1035 3268 libertatis
1054 3233 1129 3280 qemun
1148 3235 1189 3267 re·

116 3295 233 3346 nobanti
255 3298 301 3347 'et
313 3295 357 3361 qui
368 3296 418 3349 otii
430 3300 556 3350 nondum
569 3315 626 3349 ser·
675 3296 844 3361 petiverimus
861 3315 907 3348 uos
920 3295 1061 3363 paeniteat.
1078 3298 1105 3347 Il
1123 3314 1189 3364 pen-

114 3373 185 3424 vitio
195 3374 278 3426 fracti
285 3393 429 3430 resumere
437 3377 625 3430 libertatem...

113 3455 279 3522 pepigerant
299 3459 320 3508 ³.
349 3457 494 3524 Aggiungi
522 3474 627 3510 aneora

113 3539 163 3587 ohe
176 3539 206 3588 la
217 3544 308 3590 steesa
320 3538 426 3591 rivolta
436 3540 469 3590 fu
484 3539 627 3591 ricordata

113 3618 201 3667 auehe
220 3619 248 3668 al
271 3634 330 3684 oap.
351 3617 466 3669 XVIII.
485 3619 502 3668 4
521 3634 574 3669 eon
598 3621 625 3669 le

113 3698 220 3762 parole:
233 3690 246 3717 ’
259 3697 413 3750 rebellione
426 3696 501 3749 totius
514 3697 625 3748 Britan-

113 3773 173 3824 niae
184 3777 206 3825 ”.
217 3807 249 3814 -
260 3795 299 3828 ae.
319 3776 471 3844 Aggiunge
489 3777 510 3829 il
529 3793 624 3829 seeou-

113 3853 149 3903 do
167 3857 291 3907 membro
310 3859 338 3907 al
356 3857 447 3924 primo
460 3859 544 3924 (exer.
558 3858 623 3908 eol...

113 3949 173 3997 emp.
200 3936 272 4002 aaut.)
299 3936 415 3988 distinto
439 3937 469 3988 in
493 3937 549 3989 due
568 3941 623 3988 ter-

112 4011 183 4064 mini
211 4016 322 4080 oppoati
348 4017 394 4069 fia
423 4017 451 4069 di
478 4019 540 4069 loro
567 4018 624 4069 dal-

112 4095 130 4143 l’
143 4093 271 4146 asindeto
299 4098 501 4151 enumerativo.
528 4127 561 4136 -
581 4097 624 4162 se·

184 4253 273 4296 Tacito,
287 4253 357 4291 &oola
368 4271 390 4281 -
402 4255 422 4291 lt

679 3377 751 3428 siero
775 3377 804 3428 di
829 3379 949 3443 Calgaoo
974 3375 1001 3428 e:
1026 3377 1037 3427 i
1058 3375 1189 3441 Briganti

679 3458 889 3510 combatterono
906 3458 937 3508 in
959 3457 1042 3507 modo
1067 3457 1102 3506 da
1120 3454 1190 3505 riea-

679 3538 744 3588 dere
762 3540 839 3590 nella
862 3535 1002 3590 schiavitir
1025 3534 1190 3584 mostrando

678 3618 761 3684 quasi
771 3632 864 3669 essere
876 3617 986 3668 stanehi
995 3613 1108 3682 (Ραεηίε)
1117 3613 1146 3664 di
1157 3613 1189 3664 li-

679 3696 771 3749 berta:
790 3697 838 3748 noi
856 3696 996 3762 vogliamo
1015 3695 1189 3747 eombattere

678 3778 709 3829 in
731 3778 814 3828 modo
836 3777 873 3829 da
895 3775 1004 3827 riavere
1030 3777 1059 3827 la
1078 3771 1188 3840 liberta,

677 3873 735 3908 non
753 3858 789 3908 da
808 3871 944 3907 avareaue
962 3854 1009 3922 poi
1032 3871 1049 3906 a
1070 3853 1188 3930 pentina.

677 3938 734 3990 Per
752 3939 770 3988 1’
782 3953 834 3990 uso
852 3937 881 3988 u
893 3934 921 3987 a
940 3952 966 3987 v.
980 3921 1136 3986 turm-tr.
1153 3933 1189 3987 A.

677 4017 719 4068 Lu
738 4015 804 4069 Sint.
824 4033 879 4070 eoo.
899 4017 966 4070 VII.
985 4017 1024 4068 8⁰.
1044 4034 1070 4068 α.
1084 4045 1117 4054 -
1137 4015 1188 4067 tet-

680 4095 768 4149 hztura'.
787 4113 814 4149 v.
833 4095 904 4164 App.
925 4094 980 4149 erit.
999 4095 1132 4149 elntrod.
1146 4096 1187 4145 II.
