2938 4584
280 267 362 312 IULII
386 267 568 312 cumeanus
591 267 634 310 DE
658 267 687 309 V.
712 267 755 310 ΕΤ
779 268 812 310 M.
834 279 871 293 ⁴·-
888 268 999 312 xxxvl.

1112 251 1173 312 175

109 437 226 492 ceterae
240 429 377 490 cohortes
393 429 597 488 aemulatione
609 434 640 488 et
655 429 772 506 impetu
786 429 906 488 conisae
923 429 1074 505 proximos
1086 447 1175 502 quos

109 553 168 610 que
192 531 333 592 caedere:
359 551 394 589 ac
417 530 555 608 plerique
579 524 747 588 semineces
769 534 823 588 aut
845 528 960 606 integri
976 527 1174 588 festinatione

71 637 88 683 3
108 634 255 694 victoriae
277 631 540 707 relinquebantur.
566 631 691 691 interim
710 629 848 706 equitum
867 635 994 706 turmae,
1017 639 1048 690 ut
1067 622 1174 708 fugere

1228 620 1314 662 3.·’1111
1331 621 1416 664 caval-

1202 675 1268 716 leria
1289 675 1367 716 entra
1390 673 1414 714 in

107 735 286 810 covinnarii,
311 733 449 811 peditum
474 752 506 793 se
533 734 648 810 proelio
670 734 829 792 miscuere.
878 739 909 792 et
932 753 1114 808 quamquam
1130 753 1176 792 re·
1203 727 1299 770 mione.

109 843 227 900 centem
243 843 389 896 terrorem
406 836 584 911 intulerant,
604 833 708 894 densis
726 839 828 893 tamen
847 833 981 892 hostium
1000 833 1176 910 agminibus

109 945 140 999 et
163 939 378 1014 inaequalibus
402 938 478 996 locis
496 937 671 1014 haerebant,
689 937 876 1012 minimeque
890 943 1042 1012 equestris
1062 957 1096 995 ea
1114 943 1176 996 iam

109 1061 230 1120 pugnae
254 1039 350 1100 facies
369 1046 443 1116 erat,
464 1059 532 1100 cum
552 1060 567 1099 e
582 1043 684 1116 gradu
701 1048 729 1099 et
744 1045 828 1099 statu
844 1039 937 1098 simul
953 1057 1099 1114 equorum
1115 1058 1178 1097 oor-

108 1145 236 1221 poribus
258 1144 504 1220 impellerentur;
528 1161 563 1201 ac
592 1161 681 1218 saepe
705 1141 777 1217 vagi
805 1160 922 1216 currus,
947 1140 1088 1199 exterriti
1111 1140 1177 1198 sine

106 1356 222 1409 XVIII.
242 1357 266 1407 3.
279 1383 310 1392 -
324 1354 416 1402 aemul.
430 1351 526 1416 etiucp.
543 1369 616 1402 cca...
665 1349 801 1416 pienturei
820 1352 909 1417 (elatu)
928 1351 992 1400 Tac.
1017 1351 1043 1400 ci
1065 1349 1094 1400 fa
1113 1368 1178 1416 pen-

104 1437 213 1488 ‹eaedere
220 1457 256 1480 =
266 1434 304 1486 “si
312 1432 522 1501 precipitavano
533 1431 617 1498 (imp.)

107 1535 124 1567 a
142 1533 213 1583 gara
232 1516 355 1582 (aeaut),
374 1531 389 1566 e
408 1529 486 1566 come
510 1529 551 1563 un
575 1513 618 1562 sol

107 1613 193 1648 uomo
212 1593 345 1661 (amimae),
364 1594 409 1644 sui
426 1591 477 1658 pii1
496 1591 582 1642 vicini
603 1607 619 1640 e

107 1693 144 1728 ne
157 1676 295 1728 facerano
306 1674 450 1725 macell0”.
465 1673 521 1722 Che
534 1672 590 1722 Iul.
604 1667 619 1720 ὲ

108 1755 236 1806 accolere?
250 1784 283 1792 -
293 1752 408 1804 semiaec.
419 1753 491 1817 Agg.
502 1750 619 1817 poetico.

109 1866 142 1873 -
151 1832 274 1900 festinet.
295 1831 418 1884 uictoriae
432 1853 467 1876 =
479 1848 535 1882 cum
554 1828 621 1880 mlli-

108 1923 145 1966 ter
160 1914 264 1965 uincere
274 1911 440 1978 festinarent.

145 1993 246 2059 tepuit.
261 2000 368 2044 cumae.
381 2009 407 2044 v.
417 1991 537 2042 XXXV.
550 1995 572 2041 1.
587 2020 618 2028 -

109 2083 142 2124 ot.
163 2091 191 2125 v.
205 2073 276 2139 App.
290 2072 347 2124 crit.
360 2071 484 2138 -pedit
496 2072 621 2136 eepreel.

107 2154 179 2206 urim
198 2153 314 2204 Poetico
334 2175 370 2198 =
390 2170 445 2202 cum
459 2150 541 2218 perlit.
557 2168 619 2216 per-

106 2232 186 2286 misti
200 2234 360 2302 pupnubunt.
382 2262 414 2270 -
435 2239 465 2282 et.
485 2248 511 2283 v.
531 2233 617 2283 ΙΠ.1

105 2347 138 2354 -
158 2320 288 2366 recentem
306 2335 343 2358 =
360 2311 475 2363 sirbitum.
495 2312 618 2363 Poetico.

107 2427 148 2452 -,
158 2392 281 2445 denaia...
304 2411 370 2460 epm.
396 2400 418 2442 et
439 2392 524 2457 indeq.
549 2390 620 2442 Iocis.

107 2474 238 2526 Ablativi
256 2473 364 2524 causali
382 2475 433 2524 che
451 2471 575 2524 riferirai
593 2473 622 2521 al

107 2555 196 2606 verbo
233 2552 375 2604 haerebant
415 2552 621 2617 poeticamente

107 2641 193 2687 ussto
212 2635 258 2684 uel
271 2648 353 2683 senso
366 2632 394 2681 di
407 2629 621 2696 impediebantur.

110 2744 144 2752 «-
158 2711 283 2762 1111111111...
298 2717 362 2760 erut.
376 2727 402 2759 v.
416 2709 487 2774 App.
501 2707 557 2758 crit.
572 2709 621 2758 cfr.

111 2793 180 2842 Sall.
190 2790 251 2856 Jeep.
265 2789 347 2839 LIX:
366 2790 374 2807 .
389 2805 453 2852 non,
467 2794 503 2839 ut
513 2785 624 2852 equestri

111 2867 221 2938 proelio
240 2870 319 2933 solet,
339 2868 427 2934 sequi,
445 2867 509 2918 dein
526 2868 623 2918 cedere

113 2951 164 3000 sed
192 2947 316 2999 adversis
343 2946 423 3013 equis
448 2962 623 3011 concurrere,

112 3027 257 3094 implicare
280 3045 313 3079 ac
335 3029 501 3094 perturbare
520 3026 623 3080 aciem:

113 3109 157 3159 ita
178 3107 313 3174 expeditis
336 3106 476 3174 peditibus
499 3107 557 3158 suis
576 3109 624 3158 ho-

115 3193 174 3238 stes
192 3203 280 3254 peene
303 3187 393 3238 victos
416 3189 504 3238 dam'
528 3186 623 3239 eLiv,

114 3267 214 3320 XXH.
225 3268 268 3317 47:
283 3267 409 3318 t‘minime
419 3266 541 3331 equestria
547 3282 624 3318 more

113 3350 252 3415 pugnae”.
276 3377 308 3384 -
328 3347 444 3414 epradu
462 3353 485 3396 et
503 3352 577 3396 statu.
597 3361 624 3396 v.

116 3429 188 3494 App.
209 3427 265 3478 crit.
278 3451 315 3472 =
332 3446 346 3477 e
362 3427 449 3494 produ
459 3425 489 3476 iu
507 3444 555 3490 quo
573 3433 625 3476 eta-

115 3509 184 3559 111111.
204 3509 239 3559 Se
258 3505 273 3557 ὲ
292 3507 425 3574 possibile
444 3522 545 3558 ancora
568 3522 627 3556 una

113 3587 351 3656 interpretatione
370 3587 398 3638 di
417 3593 517 3653 questo
530 3588 624 3651 luogo,

115 3683 182 3734 pure
193 3685 210 3720 a
221 3685 266 3719 me
278 3669 329 3719 che
339 3683 393 3719 con
405 3670 507 3732 questa
516 3663 626 3716 endiadi

117 3746 159 3798 sia
175 3763 302 3815 espresso
315 3747 336 3798 il
348 3747 478 3814 pensiero
497 3762 553 3796 uon
567 3746 626 3796 solo

118 3825 167 3892 piri
189 3827 367 3880 brevemente
390 3844 437 3878 ma
460 3826 547 3877 anche
574 3841 627 3876 con

117 3903 168 3972 piri
180 3906 315 3960 efficacia:
328 3905 425 3974 poiche
439 3905 626 3974 presentando

117 3985 197 4037 l’una
216 3987 287 4053 dopo
298 3987 393 4040 l'altra
410 3986 501 4038 l'idea
518 3984 627 4036 dell’cl-

119 4065 225 4133 lurpere
247 4067 272 4116 le
291 4066 380 4133 ponde
402 4065 521 4134 (paclus)
543 4081 558 4115 e
581 4065 627 4116 del

671 1447 733 1482 sare
744 1432 800 1481 allo
810 1430 902 1480 storea
912 1431 946 1481 ed
959 1431 1015 1481 alla
1027 1430 1181 1484 resistenda

672 1513 722 1561 che
732 1510 743 1559 i
752 1509 1014 1560 nemicicercavanc
1023 1510 1052 1562 di
1062 1527 1180 1577 opporre

672 1611 709 1636 =
723 1591 789 1640 “ben
801 1589 923 1655 piantati
933 1592 1103 1642 camerano*
1126 1593 1182 1642 alla

673 1671 746 1720 mole
757 1670 801 1720 dei
813 1669 915 1720 cavalli
927 1671 976 1720 che
986 1669 1007 1720 li
1019 1671 1182 1722 rovescieva

675 1748 795 1816 (impell.)
808 1763 870 1800 seco
881 1747 994 1816 (11111111).
1005 1751 1031 1800 Il
1044 1767 1122 1816 sogg.
1135 1751 1180 1801 del

674 1830 760 1880 verbo
783 1828 979 1894 impellerentur
1005 1847 1062 1882 non
1090 1829 1105 1882 l
1131 1847 1182 1897 per

674 1907 783 1960 brevitt
800 1925 933 1975 espresso,
948 1909 1045 1975 poiche
1056 1911 1180 1962 dall'abl.

673 2007 774 2054 corpor.
794 2007 914 2053 equorum
933 1991 977 2040 col
996 1991 1078 2055 quale
1098 1989 1122 2040 si
1138 2007 1181 2042 ac-

675 2087 763 2122 cenna
781 2071 835 2120 alle
849 2076 947 2120 tumme
960 2069 1098 2122 ricordate
1112 2087 1180 2136 poco

672 2151 770 2218 prima,
780 2149 940 2202 facilmente
951 2149 975 2200 si
986 2166 1069 2216 passa
1080 2151 1106 2200 al
1116 2167 1181 2216 pen-

674 2230 745 2282 siero
765 2229 793 2281 di
812 2228 900 2295 quelli
918 2229 964 2279 cui
983 2229 1128 2280 andavano
1140 2230 1182 2280 in-

674 2315 772 2360 contra
797 2308 808 2357 i
830 2307 971 2358 cavalleri.
994 2307 1034 2357 Le
1057 2308 1127 2358 frasi
1151 2309 1182 2359 de

672 2389 758 2455 produ
773 2404 902 2454 peperere,
925 2387 957 2437 ole
978 2386 1064 2452 praela
1082 2404 1184 2437 mouere

676 2484 691 2518 ο
710 2467 844 2516 deuouere
862 2482 879 2515 o
897 2459 1035 2528 depellere,
1054 2472 1122 2515 etutu
1134 2483 1184 2514 mc-

676 2563 736 2596 cere
763 2561 858 2610 spesso
886 2545 1082 2597 s'iucontrauo
1110 2548 1185 2598 nelle

676 2623 841 2676 descrinioni
858 2625 887 2675 di
905 2625 1041 2690 battaglie
1059 2642 1156 2691 presso
1175 2628 1186 2677 i

676 2704 818 2772 prosatori
835 2703 968 2756 anteriori
987 2721 1004 2754 a
1023 2704 1096 2770 Tac,
1110 2707 1144 2757 ed
1155 2707 1185 2757 in

678 2786 743 2836 Tac.
763 2787 860 2834 stesso.
881 2784 930 2834 cfr.
950 2783 1012 2834 Liv.
1031 2784 1080 2836 VI.
1099 2786 1141 2835 32.
1155 2789 1185 2836 8:

683 2868 782 2930 'eques
800 2863 942 2914 immissus
960 2863 1073 2914 ordines
1091 2867 1187 2917 turba

677 2947 728 3010 nit,
751 2942 873 2995 turbatis
897 2943 977 3008 sigua
999 2943 1124 3009 peditum
1146 2945 1187 2996 iu-

677 3028 744 3089 lata‚
764 3029 959 3090 quantumque
975 3023 1102 3076 Romana
1115 3025 1186 3076 sein

678 3105 756 3158 vexit
775 3105 855 3168 acies,
868 3107 982 3155 tantum
993 3105 1088 3155 hostes
1099 3106 1185 3173 produ

678 3185 817 3240 demoti”.
847 3213 879 3222 -
909 3199 981 3234 ec...
1009 3182 1185 3236 incurrebant.

679 3269 743 3320 Tac.
757 3282 853 3331 rumpe
867 3280 961 3332 spesso
970 3261 1072 3315 l'unitl.
1084 3267 1128 3317 del
1141 3283 1187 3333 pe-

677 3348 765 3412 riodo,
778 3345 953 3398 sustitueudo
963 3351 998 3400 ad
1009 3365 1067 3401 une
1075 3363 1186 3415 propos.

679 3427 841 3479 secondaria
858 3443 916 3480 una
928 3444 1006 3494 prop.
1024 3428 1189 3479 coordinata

679 3509 737 3559 alla
746 3507 833 3573 princ.
849 3524 898 3574 per
912 3524 1005 3559 mezzo
1018 3507 1092 3558 della
1104 3507 1188 3571 quale

679 3586 714 3639 dt
724 3587 824 3637 rilievo
834 3588 977 3653 maggiore
987 3587 1022 3637 ad
1029 3602 1088 3636 una
1094 3601 1190 3637 nuova

679 3667 853 3718 circostanaa
862 3667 909 3717 del
916 3666 998 3717 fatto.
1007 3663 1073 3716 Oosl
1083 3664 1114 3716 in
1123 3681 1190 3730 que-

680 3753 725 3798 sto
743 3749 837 3811 luogo,
860 3745 890 3796 in
913 3745 959 3796 cui
981 3743 1074 3796 indica
1098 3747 1125 3796 le
1147 3761 1190 3795 ra-

679 3825 757 3892 gioni
775 3841 825 3892 per
843 3827 870 3876 le
889 3825 967 3892 quali
986 3825 1081 3891 quella
1099 3825 1190 3876 batta-

679 3905 738 3972 glia
761 3907 769 3925 ⁸
786 3905 899 3958 minime
919 3904 1061 3972 equestris
1079 3920 1189 3971 pugnae

680 3985 767 4037 facies
790 3987 879 4037 erat”
905 4001 963 4038 non
985 3984 1137 4037 subordinat
1162 3985 1189 4036 sl

680 4082 737 4116 cum
755 4067 866 4118 causale
884 4067 972 4118 anche
994 4065 1119 4141 l'ultima
1138 4065 1189 4118 cir-
