2938 4584
313 269 395 314 IULII
418 269 600 314 Aculeonem
623 271 667 315 DE
690 272 721 314 V.
745 271 789 314 ΕΤ
812 272 845 314 Μ.
866 290 902 298 -
922 271 1038 316 XXXIII.

1152 258 1213 315 167

108 428 309 494 4Britennia
331 435 362 491 et
385 432 522 516 subacta.
570 431 711 508 equidem
735 452 824 510 saepe
848 434 881 492 in
904 433 1034 511 agmine,
1064 453 1133 493 cum
1160 453 1215 493 vos

147 531 279 610 paludes
298 537 458 593 montoave
479 539 511 592 et
533 532 662 594 flumina
684 532 860 612 fatigarent,
886 535 1046 594 fortissimi
1065 535 1215 612 cuiusque

146 655 236 698 voces
263 637 440 698 audiebam:
473 629 621 713 ‘quando
650 636 776 697 dabitur
806 639 912 714 hostis,
940 639 1061 714 quando
1085 629 1208 699 aciesl'

110 759 126 805 5
146 744 286 818 veniunt,
312 762 328 802 e
351 741 480 801 latebris
503 742 569 801 suis
592 741 718 818 extrusi,
740 748 771 802 et
786 747 858 803 vota
873 743 1034 818 virtusque
1050 743 1083 802 iu
1099 747 1211 819 aperte,

146 845 307 921 omniaque
323 866 417 923 prona
433 845 603 905 victoribus
619 852 710 921 atque
726 845 833 906 eadem
849 846 942 906 victis
959 847 1098 906 adversa.
1145 867 1216 906 nam

109 953 182 1012 ss’ut
217 967 377 1026 superasse
404 954 525 1008 tantum
552 947 674 1009 itineris
702 948 798 1008 silvas
826 951 961 1009 evasisse
985 949 1134 1008 transisse
1169 967 1216 1007 ae-

146 1052 264 1110 stuaria
286 1051 449 1128 pulchrum
473 1070 507 1109 ao
531 1051 673 1110 decorum
700 1051 734 1110 in
758 1050 897 1127 frontem,
923 1052 997 1110 item
1022 1051 1216 1128 fugientibus

145 1153 406 1228 periculosissima
432 1172 510 1228 quae
540 1151 631 1213 hodie
658 1153 862 1230 prosperrima
889 1159 975 1229 sunt3
1004 1173 1103 1230 neque
1131 1153 1213 1213 enim

145 1253 236 1313 nobis
250 1250 317 1313 ¹eut
345 1255 477 1314 locorum
506 1255 612 1314 eadem
640 1256 751 1316 notitia
774 1262 828 1315 aut
855 1261 1079 1316 commeatuum
1107 1255 1214 1316 eadem

143 1355 344 1432 abundantia,
370 1356 424 1416 sed
447 1377 556 1417 manus
580 1364 611 1417 et
635 1379 726 1434 arma,
745 1364 776 1418 et
795 1359 828 1418 in
852 1357 902 1416 his
921 1359 1031 1417 omnia.
1079 1358 1160 1434 quod
1175 1357 1215 1417 ad

144 1623 179 1648 =
190 1601 314 1653 militibus
323 1600 352 1652 in
361 1601 416 1653 acie
425 1600 564 1653 instructio.
577 1603 653 1654 Nota

142 1680 189 1748 poi
207 1681 320 1733 l’ardito
338 1699 448 1748 zeugma,
461 1697 510 1748 per
529 1681 550 1732 'n
569 1684 652 1747 quale

143 1763 171 1812 le
190 1762 244 1812 due
263 1760 359 1827 coppie
372 1761 401 1811 di
413 1762 466 1811 abl.
480 1777 548 1812 sono
561 1777 652 1826 gram-

142 1840 652 1892 maticalmenterettedall'uuicover·

143 1923 178 1972 bo
200 1927 317 1982 tenemus,
344 1925 453 1971 mentre
481 1921 538 1973 alla
560 1920 652 1988 prima

142 2001 241 2068 coppia
259 2001 283 2052 si
301 2003 369 2054 deve
382 2001 568 2068 logicamente
586 1999 652 2051 rife-

140 2081 198 2132 rire
216 2097 256 2133 un
274 2079 441 2150 coffnooimos.
463 2081 576 2133 Trad.:“
592 2096 650 2132 non

140 2163 169 2213 la
186 2161 361 2213 conosoiamo
380 2178 430 2229 per
442 2163 471 2212 le.
486 2160 649 2212 rinomauza

140 2243 190 2293 ohe
207 2243 252 2308 ha,
271 2242 360 2307 (corne
378 2241 488 2308 prime),
511 2259 558 2293 ma
579 2243 649 2292 l'oe-

140 2321 267 2387 cupiamo
287 2337 340 2373 con
359 2321 470 2373 eserciti
486 2323 507 2372 ”.

175 2409 186 2442 ¹·
205 2400 353 2466 equidem...
381 2400 482 2452 audiet.
496 2423 531 2446 =
550 2401 649 2452 “udivo

139 2480 259 2533 beocio”.
269 2511 302 2519 -—
316 2481 346 2532 in
353 2499 463 2550 αρνιμ-.-
474 2481 517 2532 'in
526 2479 645 2532 marcia

139 2560 235 2629 (San).
253 2577 280 2611 v.
300 2561 366 2612 XX.
386 2563 449 2611 2-
462 2577 552 2611 oum...
569 2558 650 2626 satio.

139 2640 166 2690 11
185 2657 240 2689 oum
260 2641 298 2692 ho
315 2641 411 2691 valore
438 2638 600 2694 concessivo
623 2653 649 2688 v,

140 2719 254 2768 Schultz
276 2719 336 2769 256.
351 2719 374 2768 I.
390 2719 418 2768 2⁰
432 2741 465 2763 =
479 2734 650 2782 quemquami...

135 2794 288 2864 fatiyalrcmt
308 2819 345 2842 ==
361 2799 370 2817 ⁸
384 2797 494 2850 stanohi
516 2798 652 2848 com’era-

109 2905 117 2920 ,
141 2878 261 2928 vate....”
290 2908 323 2914 -
349 2876 424 2929 acics.
455 2894 482 2928 v.
501 2875 572 2942 App.
592 2875 649 2928 crit.

178 2964 188 2997 ⁵
201 2953 305 3006 veniunt
314 2979 350 3001 =
362 2956 495 3008 “Eccoli”.
507 2987 539 2994 —
550 2955 650 3008 extrusi

140 3055 177 3082 =
193 3037 200 3054 “
213 3035 319 3088 scovati
330 3039 350 3087 ”.
365 3067 398 3074 -
408 3043 468 3088 vota
480 3035 610 3101 virtusque
620 3035 649 3088 in

140 3121 239 3180 aperto.
258 3115 341 3168 Molti
364 3118 472 3168 vedono
495 3117 526 3167 in
548 3122 649 3183 questa

143 3194 316 3262 espressione
340 3213 380 3247 un
405 3197 525 3264 esempio
547 3196 575 3247 di
593 3214 649 3247 zeu-

137 3292 198 3342 gma
211 3295 247 3320 =
258 3281 318 3326 coto
329 3277 372 3342 (=
385 3293 450 3340 qrmc
463 3275 591 3343 optastis)
603 3275 649 3326 aol-

139 3353 295 3406 secationis
325 3354 456 3421 uirtusque
486 3355 514 3407 in
543 3362 648 3420 aperto:

139 3435 206 3486 altri
229 3434 388 3487 un'codiadi
401 3458 437 3482 =
455 3442 546 3500 optata
567 3433 647 3486 cirta

139 3514 171 3566 tis
189 3515 337 3566 ostentodce
360 3514 437 3580 copia
459 3516 538 3567 adest.
558 3516 585 3566 A
603 3531 647 3565 me

138 3611 204 3662 pere
215 3595 314 3647 invoca
326 3595 355 3648 di
372 3611 454 3647 avere
466 3595 579 3646 innanzi
591 3611 650 3646 una

139 3674 269 3742 semplioe
287 3675 461 3741 brechilogia
481 3697 517 3720 ==
533 3691 564 3724 co
582 3691 647 3739 quoe

138 3755 245 3818 optastis
270 3754 383 3807 habendi
401 3757 485 3822 (υοίαι
515 3770 541 3805 ν.
570 3755 647 3821 Virg.

138 3833 190 3884 En.
220 3835 256 3884 X.
288 3835 351 3904 279)
388 3840 417 3886 et
450 3833 553 3886 virtutis
584 3851 648 3898 pro-

138 3909 239 3963 bandae
268 3913 370 3984 (cartus)
399 3914 480 3981 copia
507 3915 584 3967 adest
608 3913 648 3980 (in

137 3998 230 4057 aperto
253 4000 297 4043 est.
322 4011 349 4046 v.
373 3996 396 4045 Ι.
417 3995 452 4062 2).
467 4025 500 4032 -
514 3992 648 4059 omniaque

133 4087 224 4136 mono
242 4070 300 4123 vict.
319 4090 346 4125 v.
365 4075 388 4146 Ι.
408 4077 433 4139 2,
458 4075 528 4126 dove
547 4091 649 4138 pronos

706 1601 720 1652 ὲ
740 1603 786 1653 nel
805 1618 887 1654 senso
901 1602 929 1653 di
934 1601 1027 1668 facile,
1040 1601 1124 1667 piano
1137 1621 1214 1655 come

705 1683 752 1732 nel
775 1682 860 1746 luogo
883 1681 911 1733 di
934 1683 999 1733 Sall.
1021 1682 1082 1748 Joy.
1107 1683 1214 1735 CXIV:

710 1762 718 1779 “
733 1761 827 1812 omnia
837 1777 903 1814 suae
914 1761 1016 1812 virtuti
1025 1778 1085 1813 esee
1098 1767 1214 1830 prona&

707 1840 761 1903 Qui
778 1841 875 1892 invene
894 1863 930 1887 ==
947 1843 1066 1893 secunda.
1086 1872 1119 1881 -
1139 1850 1214 1908 atque

705 1921 802 1971 eadem.
822 1937 848 1971 v.
867 1921 961 1972 XXX.
982 1924 1006 1982 2.
1022 1953 1054 1960 -
1068 1921 1140 1973 ciclis
1152 1923 1213 1974 odo.

703 2001 745 2050 Lo
763 2005 853 2051 stesso
872 2001 999 2067 pensiero
1018 2002 1137 2069 esprime
1159 2003 1210 2054 Oa-

703 2079 786 2132 tilina
804 2081 880 2147 (Sall.
903 2079 982 2132 catil.
995 2083 1013 2131 l.
1033 2083 1068 2148 e.)
1085 2083 1093 2100 ⁸
1110 2081 1140 2132 Si
1152 2082 1213 2133 vin-

703 2158 793 2211 cimus
806 2161 900 2211 omnia
918 2161 998 2211 nobis
1017 2166 1083 2213 tuta
1101 2167 1212 2212 erunt...

702 2241 746 2292 sin
765 2246 845 2292 metu
863 2241 1037 2304 cesserimus,
1057 2241 1154 2290 eadem
1163 2240 1215 2291 illa

702 2321 815 2370 (adverso
824 2321 895 2370 fient
906 2322 927 2370 ”,
938 2321 961 2369 E
971 2317 1090 2370 Paulino
1102 2319 1133 2369 in
1142 2318 1212 2370 Aoo.

702 2399 783 2450 XIV.
803 2401 852 2449 56:
869 2400 969 2464 “parta
978 2397 1099 2448 victoria
1111 2403 1215 2450 cuncta

702 2477 771 2544 ipsis
789 2493 905 2528 cessura
918 2479 939 2526 ⁶.

740 2555 844 2608 asilaus
867 2556 984 2608 evasione.
1004 2573 1030 2609 v.
1050 2558 1151 2610 Introd.
1172 2559 1213 2609 II.

704 2635 737 2687 A.
757 2637 799 2686 Lo
818 2634 884 2688 Sint
903 2654 958 2689 eoo.
978 2638 1011 2690 V.
1032 2640 1069 2688 10.
1089 2640 1114 2689 b.
1132 2668 1165 2676 -
1184 2637 1214 2688 in

696 2716 820 2781 frontem.
839 2717 1020 2782 Neologismo
1040 2717 1185 2783 suggerito
1198 2733 1215 2768 a

705 2795 769 2848 Tac.
788 2813 838 2864 per
856 2813 951 2848 amore
964 2798 1038 2848 della
1052 2794 1164 2848 variatio
1177 2796 1214 2848 ri-

703 2880 795 2943 spetto
815 2891 832 2928 a
842 2875 1035 2944 fuqicotibose
1054 2893 1104 2944 per
1120 2879 1214 2928 analo·

702 2955 749 3022 gia
761 2957 833 3008 delle
846 2956 927 3008 frasi:
944 2957 1030 3008 “bono
1043 2956 1137 3010 animo
1153 2973 1214 3008 esee

702 3035 731 3087 in
743 3034 868 3101 otiqccm'*
883 3036 978 3104 (Ces.):
997 3036 1213 3104 'perindulgens

701 3115 730 3166 in
744 3119 867 3180 patremn
889 3117 968 3183 (Cic.)
988 3116 1105 3182 esimffi,
1124 3117 1154 3167 in
1166 3117 1215 3168 cui

701 3197 730 3247 la
747 3211 833 3264 prep:
843 3194 872 3248 io
884 3213 937 3248 con
949 3197 1025 3249 l'acc.
1039 3197 1159 3264 esprime
1173 3197 1212 3250 di-

701 3276 855 3344 sposiziono
874 3294 890 3328 o
903 3277 1063 3330 intenzione
1076 3279 1214 3329 benevole

701 3356 976 3424 :proqrcdientibua
989 3389 1022 3396 —
1034 3357 1101 3408 item.
1116 3356 1213 3422 Seguii

700 3437 730 3488 la
746 3437 853 3489 lenione
866 3437 911 3488 dei
923 3437 1019 3502 codici,
1035 3433 1142 3488 benoht
1155 3450 1214 3485 non

701 3517 806 3568 s'abbia
822 3517 853 3567 in
873 3517 937 3568 Tac.
957 3519 1031 3568 altro
1050 3514 1172 3582 esempio
1185 3516 1214 3566 di

701 3595 761 3646 item
774 3617 809 3641 =
820 3595 867 3647 ito.
890 3595 961 3647 Veni
976 3594 1044 3662 pero
1063 3594 1118 3646 Oic.
1138 3594 1213 3646 Oret.

701 3675 762 3726 LX.
782 3677 847 3726 202:
859 3673 888 3726 in
911 3675 985 3726 Verr.
998 3676 1049 3728 IV.
1063 3678 1088 3726 9.
1108 3677 1155 3725 21:
1171 3675 1211 3726 59.

702 3755 805 3806 leuno
815 3753 888 3806 Orat.
897 3757 920 3806 Ι.
933 3757 992 3806 118.
999 3785 1033 3793 —
1032 3755 1092 3824 foy.
1097 3752 1211 3821 perient.

704 3834 845 3886 Ohiasmo:
861 3837 949 3899 rmlor.
969 3852 999 3885 oe
1017 3835 1070 3886 dcc.
1091 3833 1120 3885 in
1131 3835 1212 3900 fron-

704 3913 817 3980 tcmfuq.
845 3914 930 3978 peric.
960 3945 992 3952 -
1018 3915 1114 3966 eodem.
1140 3915 1211 3966 Sott.

703 4001 778 4060 utque
788 3993 907 4046 hostibus.
916 4025 949 4032 -
955 3993 984 4046 io
991 3994 1031 4046 uis
1037 3994 1131 4046 cornio.
1140 3995 1211 4046 Sott.

703 4081 761 4124 sont
774 4071 906 4139 =posita
924 4082 990 4127 sunt.
1003 4092 1029 4127 v.
1043 4075 1171 4128 XXXII.
1186 4075 1211 4125 6.
